@book{SimoneBeauvoir,
    author =  {Simone de Beauvoir},
    title =  {The Second Sex},
    publisher =  {Vintage Books},
    year =  {1949},
}

@article{alharbi2017genetic,
  title={A Genetic Algorithm Based Approach for Solving the Minimum Dominating Set of Queens Problem},
  author={Alharbi, Saad and Venkat, Ibrahim},
  journal={Journal of Optimization},
  volume={2017},
  year={2017},
  publisher={Hindawi}
}


@article{doerr2011evolutionary,
  title={Evolutionary algorithms and dynamic programming},
  author={Doerr, Benjamin and Eremeev, Anton and Neumann, Frank and Theile, Madeleine and Thyssen, Christian},
  journal={Theoretical computer science},
  volume={412},
  number={43},
  pages={6020--6035},
  year={2011},
  publisher={Elsevier}
}

@book{hoos2004stochastic,
  title={Stochastic local search: Foundations and applications},
  author={Hoos, Holger H and St{\"u}tzle, Thomas},
  year={2004},
  publisher={Elsevier}
}

@incollection{lourencco2010iterated,
  title={Iterated local search: Framework and applications},
  author={Louren{\c{c}}o, Helena R and Martin, Olivier C and St{\"u}tzle, Thomas},
  booktitle={Handbook of metaheuristics},
  pages={363--397},
  year={2010},
  publisher={Springer}
}


